<record><leader>02541nam a2200505 i 4500</leader><controlfield tag="001">6788500</controlfield><controlfield tag="003">CaONFJC</controlfield><controlfield tag="005">20141215152652.0</controlfield><controlfield tag="006">m        d        </controlfield><controlfield tag="007">cr||n|||||||||</controlfield><controlfield tag="008">140520t20152015enka    ob    000 0 eng d</controlfield><datafield ind1=" " ind2=" " tag="020"><subfield code="a">9780199985357 (alk. paper)</subfield></datafield><datafield ind1=" " ind2=" " tag="020"><subfield code="a">0199985359 (alk. paper)</subfield></datafield><datafield ind1=" " ind2=" " tag="020"><subfield code="a">9781322191874 (MyiLibrary)</subfield></datafield><datafield ind1=" " ind2=" " tag="037"><subfield code="a">650467</subfield><subfield code="b">MIL</subfield></datafield><datafield ind1=" " ind2=" " tag="039"><subfield code="a">exclude</subfield></datafield><datafield ind1=" " ind2=" " tag="040"><subfield code="a">CaONFJC</subfield><subfield code="c">CaONFJC</subfield><subfield code="e">rda</subfield><subfield code="d">AEU</subfield></datafield><datafield ind1="0" ind2="4" tag="050"><subfield code="a">RC516</subfield><subfield code="b">.B52245 2015eb</subfield></datafield><datafield ind1="1" ind2="0" tag="060"><subfield code="a">WM 207</subfield></datafield><datafield ind1="0" ind2="4" tag="082"><subfield code="a">616.89/5</subfield><subfield code="2">23</subfield></datafield><datafield ind1=" " ind2=" " tag="090"><subfield code="a">Internet Access</subfield><subfield code="b">AEU</subfield></datafield><datafield ind1="0" ind2="0" tag="245"><subfield code="a">Bipolar disorder in youth</subfield><subfield code="h">[electronic resource] :</subfield><subfield code="b">presentation, treatment, and neurobiology /</subfield><subfield code="c">edited by Stephen M. Strakowski, MD, Senior Vice President, Strategy &amp; Transformation, UC Health, Professor of Psychiatry &amp; Behavioral Neuroscience, Psychology &amp; BME, UC, University of Cincinnati College of Medicine, Cincinnati, OH, Melissa P. DelBello, MD, MS, Professor of Psychiatry and Pediatrics, Dr. Stanley and Mickey Kaplan Professor and Chair, Department of Psychiatry and Behavioral Neuroscience, University of Cincinnati College of Medicine, Cincinnati, OH, Caleb M. Adler, MD, Professor and Vice-Chair for Clinical Research, Department of Psychatry of Behavioral Neuroscience, Co-Director, Division of Bipolar Disorders Research, University of Cincinnati College of Medicine, Cincinnati, OH.</subfield></datafield><datafield ind1=" " ind2="1" tag="264"><subfield code="a">Oxford ;</subfield><subfield code="a">New York :</subfield><subfield code="b">Oxford University Press,</subfield><subfield code="c">[2015]</subfield></datafield><datafield ind1=" " ind2="4" tag="264"><subfield code="c">&#169;2015</subfield></datafield><datafield ind1=" " ind2=" " tag="300"><subfield code="a">1 online resource (xvi, 382 pages) :</subfield><subfield code="b">illustrations</subfield></datafield><datafield ind1=" " ind2=" " tag="336"><subfield code="a">text</subfield><subfield code="b">txt</subfield><subfield code="2">rdacontent</subfield></datafield><datafield ind1=" " ind2=" " tag="337"><subfield code="a">computer</subfield><subfield code="b">c</subfield><subfield code="2">rdamedia</subfield></datafield><datafield ind1=" " ind2=" " tag="338"><subfield code="a">online resource</subfield><subfield code="b">cr</subfield><subfield code="2">rdacarrier</subfield></datafield><datafield ind1=" " ind2=" " tag="504"><subfield code="a">Includes bibliographical references.</subfield></datafield><datafield ind1=" " ind2=" " tag="506"><subfield code="a">Access restricted to authorized users and institutions.</subfield></datafield><datafield ind1=" " ind2=" " tag="588"><subfield code="a">Description based on print version record.</subfield></datafield><datafield ind1=" " ind2=" " tag="596"><subfield code="a">44</subfield></datafield><datafield ind1=" " ind2="0" tag="650"><subfield code="a">Manic-depressive illness.</subfield></datafield><datafield ind1=" " ind2="0" tag="650"><subfield code="a">Youth</subfield><subfield code="x">Mental health.</subfield></datafield><datafield ind1="1" ind2="2" tag="650"><subfield code="a">Bipolar Disorder</subfield><subfield code="x">diagnosis.</subfield></datafield><datafield ind1="1" ind2="2" tag="650"><subfield code="a">Bipolar Disorder</subfield><subfield code="x">therapy.</subfield></datafield><datafield ind1="2" ind2="2" tag="650"><subfield code="a">Adolescent.</subfield></datafield><datafield ind1="2" ind2="2" tag="650"><subfield code="a">Diagnosis, Differential.</subfield></datafield><datafield ind1="2" ind2="2" tag="650"><subfield code="a">Risk Factors.</subfield></datafield><datafield ind1="1" ind2=" " tag="700"><subfield code="a">Strakowski, Stephen M.,</subfield><subfield code="e">editor.</subfield></datafield><datafield ind1="1" ind2=" " tag="700"><subfield code="a">DelBello, Melissa P.,</subfield><subfield code="e">editor.</subfield></datafield><datafield ind1="1" ind2=" " tag="700"><subfield code="a">Adler, Caleb M.,</subfield><subfield code="e">editor.</subfield></datafield><datafield ind1="4" ind2="0" tag="856"><subfield code="3">University of Alberta Access</subfield><subfield code="u">http://lib.myilibrary.com/detail.asp?ID=650467</subfield><subfield code="z">(Single User Access)</subfield></datafield><datafield ind1=" " ind2=" " tag="949"><subfield code="w">ORDER</subfield><subfield code="h">UAIN</subfield><subfield code="z">PDACOUTTS</subfield></datafield><datafield ind1=" " ind2=" " tag="926"><subfield code="a">Internet Access</subfield><subfield code="w">LC</subfield><subfield code="c">1</subfield><subfield code="i">6788500-1001</subfield><subfield code="l">INTERNET</subfield><subfield code="m">UAINTERNET</subfield><subfield code="r">Y</subfield><subfield code="s">Y</subfield><subfield code="t">E-RESOURCE</subfield><subfield code="u">1/23/2015</subfield><subfield code="x">E-BOOK</subfield><subfield code="z">PDAOWNED</subfield></datafield></record>